@Misc{ uniV1,
  title        = "Uniswap Whitepaper",
  author       = "{Hayden Adams}",
  howpublished = "\url{https://hackmd.io/@HaydenAdams/HJ9jLsfTz}",
  year         = 2018 }

@Misc{ uniV2,
  title        = "Uniswap v2 Core",
  author       = "{Hayden Adams, Noah Zinsmeister, Dan Robinson}",
  howpublished = "\url{https://uniswap.org/whitepaper.pdf}",
  year         = 2020 }

@Misc{ uniV3,
  title        = "Uniswap v3 Core",
  author       = "{Hayden Adams, Noah Zinsmeister, Moody Salem, River Keefer, Dan Robinson}",
  howpublished = "\url{https://uniswap.org/whitepaper-v3.pdf}",
  year         = 2021 }

@Misc{ bancorToken,
  title        = "Continuous Liquidity and Asynchronous Price Discovery for Tokens through their Smart Contracts;aka Smart Tokens",
  author       = "{Eyal Hertzog, Guy Benartzi, Galia Benartzi}",
  howpublished = "\url{https://whitepaper.io/document/52/bancor-whitepaper}",
  year         = 2017 }
  
@Misc{ bancorWP,
  title        = "Continuous Liquidity for Cryptographic Tokens through their Smart
Contracts",
  author       = "{Eyal Hertzog, Guy Benartzi, Galia Benartzi, Omri Ross}",
  howpublished = "\url{https://storage.googleapis.com/website-bancor/2018/04/01ba8253-bancor_protocol_whitepaper_en.pdf}",
  year         = 2018 }

@Misc{ gnosis,
  title        = "Building a Decentralized Exchange in Ethereum",
  author       = "{Alan Lu}",
  howpublished = "\url{https://blog.gnosis.pm/building-a-decentralized-exchange-in-ethereum-eea4e7452d6e}",
  year         = 2017 }

@Misc{ curve,
  title        = "StableSwap - efficient mechanism for Stablecoin liquidity",
  author       = "{Michael Egorov}",
  howpublished = "\url{https://curve.fi/files/stableswap-paper.pdf}",
  year         = 2019 }

@Misc{ defiplaza1,
  title        = "DeFi Plaza â€” A low cost DEX for Ethereum",
  author       = "{Jazzer9F}",
  howpublished = "\url{https://jazzerradix.medium.com/defi-plaza-a-low-cost-dex-for-ethereum-45b10c1ea2a0}",
  year         = 2021 }
  
@Misc{ defiplaza2,
  title        = "DefiPlaza: Making DeFi on Ethereum affordable again",
  author       = "{Jazzer9F}",
  howpublished = "\url{https://jazzerradix.medium.com/defiplaza-making-defi-on-ethereum-affordable-again-b533724a0885}",
  year         = 2021 }
  